<?xml version="1.0" encoding="UTF-8"?><collection xmlns="http://www.loc.gov/MARC21/slim"><record><leader>00570nam--2200181-u-4500</leader><controlfield tag="001">000056569</controlfield><controlfield tag="002">20161230</controlfield><controlfield tag="005">20161230201052</controlfield><controlfield tag="008">160114s1000------------r-----000-0-eng-d</controlfield><datafield ind1=" " ind2=" " tag="040"><subfield code="a">IFIN-HH</subfield></datafield><datafield ind1=" " ind2=" " tag="080"><subfield code="a">517.986.4:517.983.24:512.818</subfield></datafield><datafield ind1="1" ind2=" " tag="100"><subfield code="a">Neretin, Yu.A</subfield></datafield><datafield ind1="1" ind2="0" tag="245"><subfield code="a">Categories of Symmetries and Infinite-Dimensional Groups</subfield><subfield code="b">Translated by G.G. Gould</subfield><subfield code="c">Yu.A. Neretin</subfield></datafield><datafield ind1=" " ind2=" " tag="260"><subfield code="a">Oxford</subfield><subfield code="b">Clarendon Press</subfield><subfield code="c">1996</subfield></datafield><datafield ind1=" " ind2=" " tag="300"><subfield code="a">xi+417p</subfield></datafield><datafield ind1=" " ind2=" " tag="490"><subfield code="a">London Mathematical Society Monographs New Series 16</subfield></datafield><datafield ind1=" " ind2=" " tag="852"><subfield code="a">81486</subfield><subfield code="c">519.4/5</subfield></datafield><datafield ind1=" " ind2=" " tag="CAT"><subfield code="a">Sys</subfield><subfield code="c">20160114</subfield><subfield code="h">145723</subfield></datafield></record></collection>